<?xml version="1.0" encoding="UTF-8"?><collection xmlns="http://www.loc.gov/MARC21/slim"><record><leader>00297nam--2200121-i-4500</leader><controlfield tag="001">000029678</controlfield><controlfield tag="002">20161230</controlfield><controlfield tag="005">20161230201037</controlfield><controlfield tag="008">060222s1000------------r-----000-0-eng-d</controlfield><datafield ind1=" " ind2=" " tag="100"><subfield code="a">Laine, E</subfield></datafield><datafield ind1=" " ind2=" " tag="245"><subfield code="a">Precis de analyse mathematique.4-e ed</subfield></datafield><datafield ind1=" " ind2=" " tag="260"><subfield code="a">Paris, Libr.Vuibert .1946. 399p</subfield></datafield><datafield ind1=" " ind2=" " tag="852"><subfield code="a">4731</subfield></datafield></record></collection>